
@BOOK{Rose12,
  AUTHOR =       {Kenneth H. Rosen},
  TITLE =        {Discrete mathematics and its applications},
  PUBLISHER =    {McGraw-Hill},
  YEAR =         {2012},
  edition =      {7th},
  note =         {{\kaishu 离散数学及其应用（第7版）} （英文版）. 机械工业出版社. 2012},
}

@BOOK{John15,
  AUTHOR =       {Richard Johnsonbaugh~著，黄林鹏、陈俊清、王德俊、王欣等译},
  TITLE =        {离散数学（第七版）},
  PUBLISHER =    {中国工信出版集团、电子工业出版社},
  YEAR =         {2015},
}

@BOOK{KXYW15,
  AUTHOR =       {Kenneth H. Rosen~著，徐六通、杨娟、吴斌~译},
  TITLE =        {离散数学及其应用（第7版）},
  PUBLISHER =    {机械工业出版社},
  YEAR =         {2015},
}

@BOOK{KXYWC17,
  AUTHOR =       {Kenneth H. Rosen~著，徐六通、杨娟、吴斌~译，陈琼改编},
  TITLE =        {离散数学及其应用（第7版、本科教学版）},
  PUBLISHER =    {机械工业出版社},
  YEAR =         {2017},
}

@BOOK{KBR05,
  AUTHOR =       {Bernard Kolman and Robert C. Busby and Sharon Cutler Ross~著，罗平译},
  TITLE =        {离散数学结构（第五版）},
  PUBLISHER =    {高等教育出版社},
  YEAR =         {2005},
}

@BOOK{SDB17,
  AUTHOR =       {Clifford Stein and Robert L. Drysdale and Kenneth Bogart},
  TITLE =        {Discrete Mathematics for Computer Scientists},
  PUBLISHER =    {Pearson Education Inc.},
  YEAR =         {2017},
  note =         {{\kaishu 离散数学及其在计算机科学中的应用（第7版）} （英文版）. 机械工业出版社. 2017},
}

@BOOK{LLM19,
  AUTHOR =       {Eric Lehman and F. Thomson Leighton and Albert R. Meyer~编著，唐李洋、刘杰、谭昶、金博、马海平、朱琛译},
  TITLE =        {计算机科学中的数学(Mathematics for Copmuter Science)},
  PUBLISHER =    {电子工业出版社},
  YEAR =         {2019},
}


@BOOK{GKP94,
  AUTHOR =       {Ronald L. Graham and Donald E. Knuth and Oren Patashnik},
  TITLE =        {Concrete Mathematics (Second Edition)},
  PUBLISHER =    {Addison-Wesley Publishing Company},
  YEAR =         {1994},
}

@BOOK{AvCh16,
  AUTHOR =       {Bonnie Averbach \& Orin Chein~著，吴元泽译},
  TITLE =        {趣味学数学(Problem Solving Through Recreational Mathematics)},
  PUBLISHER =    {中国工信出版集团、人民邮电出版社},
  YEAR =         {2016},
}

@BOOK{Ende01,
  AUTHOR =       {Herbert B. Enderton},
  TITLE =        {A Mathematical Introduction to Logic (Second Edition)},
  PUBLISHER =    {Elsevier},
  YEAR =         {2001},
  note =         {{\kaishu 数理逻辑（第2版）} （英文版）. 人民邮电出版社. 2006},
}

@BOOK{Ende06,
  AUTHOR =       {Herbert B. Enderton},
  TITLE =        {Elements of Set Theory},
  PUBLISHER =    {Elsevier},
  YEAR =         {2006},
  note =         {{\kaishu 集合论基础} （英文版）. 人民邮电出版社. 2006},
}


@BOOK{BBJ12,
  AUTHOR =       {George S. Boolos and John P. Burgess and Richard C. Jeffrey},
  TITLE =        {Computability and Logic},
  PUBLISHER =    {Cambridge},
  YEAR =         {2007},
  edition =      {5th},
}

@BOOK{BrMa07,
  AUTHOR =       {Aaron R. Bradley and Zohar Manna},
  TITLE =        {The Calculus of Computation: Decision Procedures with Applications to Verification},
  PUBLISHER =    {Springer},
  YEAR =         {2007},
}

@BOOK{Brua05,
  AUTHOR =       {Richard A. Brualdi~著，冯舜玺、罗平、裘伟东~译，卢开澄、冯舜玺~校},
  TITLE =        {组合数学(Introductory Combinatorics, Fourth Edition)},
  PUBLISHER =    {机械工业出版社},
  YEAR =         {2005},
}

@BOOK{Simp05,
  AUTHOR =       {Andrew Simpson~著，冯速~译},
  TITLE =        {离散数学导学(Discrete Mathematics by Example)},
  PUBLISHER =    {机械工业出版社},
  YEAR =         {2005},
}


@BOOK{SoUr06,
  AUTHOR =       {S{\o}rensen, M. H. and Urzyczyn, P.},
  TITLE =        {Lectures on the Curry-Howard Isomorphism},
  PUBLISHER =    {Elsevier},
  YEAR =         {2006},
  number =       {149},
  series =       {Sutdies in Logic and the Foundations of Mathematics},
  isbn =         {0-444-52077-5},
  note =        {Draft is available in: http://citeseer.ist.psu.edu/519604.html}
}

@BOOK{Zade82,
  AUTHOR =       {L. A. 扎德},
  TITLE =        {模糊集合、语言变量及模糊逻辑},
  PUBLISHER =    {科学出版社},
  YEAR =         {1982},
}

@BOOK{LiuWu98,
  AUTHOR =       {刘普寅、吴孟达},
  TITLE =        {模糊理论及其应用},
  PUBLISHER =    {国防科技大学出版社},
  YEAR =         {1998},
}

@BOOK{LiuLiu96,
  AUTHOR =       {刘增良、刘有才},
  TITLE =        {模糊逻辑与神经网络--理论研究与探索},
  PUBLISHER =    {北京航空航天大学出版社},
  YEAR =         {1996},
}

@BOOK{Ma02,
  AUTHOR =       {马振华主编},
  TITLE =        {现代应用数学手册·离散数学卷},
  PUBLISHER =    {清华大学出版社},
  YEAR =         {2002},
}

@BOOK{MaRa05,
  AUTHOR =       {Stephen B Maurer and Anthony Ralston},
  TITLE =        {Discrete Algorithmic Mathematics (Third Edition)},
  PUBLISHER =    {CRC Press, Taylor \& Francis Group},
  YEAR =         {2005},
}

@BOOK{Hunt17,
  AUTHOR =       {David J. Hunter},
  TITLE =        {Essentials of Discrete Mathematics (Third Edition)},
  PUBLISHER =    {Jones \& Bartlett Learning},
  YEAR =         {2017},
}


@BOOK{LiPanlin16,
  AUTHOR =       {李盘林、李丽双、赵铭伟、徐喜荣、李泽},
  TITLE =        {离散数学（第三版）},
  PUBLISHER =    {高等教育出版社},
  YEAR =         {2016年2月},
}


@BOOK{ShiWang00,
  AUTHOR =       {石纯一、王家廞},
  TITLE =        {数理逻辑与集合论（第二版）},
  PUBLISHER =    {清华大学出版社},
  YEAR =         {2000},
}

@BOOK{WangYang01,
  AUTHOR =       {王宏、杨明},
  TITLE =        {数理逻辑与集合论（第二版）精要与题解},
  PUBLISHER =    {清华大学出版社},
  YEAR =         {2001},
}

@BOOK{LuZW98,
  AUTHOR =       {陆钟万},
  TITLE =        {面向计算机科学的数理逻辑},
  PUBLISHER =    {科学出版社},
  YEAR =         {1998},
}

@BOOK{WangHP97,
  AUTHOR =       {王捍贫},
  TITLE =        {数理逻辑--离散数学第一分册},
  PUBLISHER =    {北京大学出版社},
  YEAR =         {1997},
}

@BOOK{WangXJ98,
  AUTHOR =       {王宪钧},
  TITLE =        {数理逻辑引论},
  PUBLISHER =    {北京大学出版社},
  YEAR =         {1998},
}

@BOOK{BiFS04,
  AUTHOR =       {毕富生},
  TITLE =        {数理逻辑},
  PUBLISHER =    {高等教育出版社},
  YEAR =         {2004},
}

@BOOK{ChenMZ01,
  AUTHOR =       {陈慕泽},
  TITLE =        {数理逻辑教程},
  PUBLISHER =    {上海人民出版社},
  YEAR =         {2001},
}

@BOOK{ZCY98,
  AUTHOR =       {赵总宽、陈慕泽、杨武金},
  TITLE =        {现代逻辑方法论},
  PUBLISHER =    {中国人民大学出版社},
  YEAR =         {1998},
}

@BOOK{ChenB00,
  AUTHOR =       {陈波},
  TITLE =        {逻辑哲学引论},
  PUBLISHER =    {中国人民大学出版社},
  YEAR =         {2000},
}

@BOOK{ZGL97,
  AUTHOR =       {张清宇、郭世铭、李小五},
  TITLE =        {哲学逻辑研究},
  PUBLISHER =    {社会科学文献出版社},
  YEAR =         {1997},
}

@BOOK{WuJG00,
  AUTHOR =       {吴家国},
  TITLE =        {普通逻辑原理},
  PUBLISHER =    {高等教育出版社},
  YEAR =         {2000},
  note =         {全国高等教育自学考试指定教材},
}

@BOOK{GenLog11,
  AUTHOR =       {《普通逻辑》编写组著},
  TITLE =        {普通逻辑（第五版）},
  PUBLISHER =    {上海人民出版社},
  YEAR =         {2011年1月},
}

@BOOK{GengQu04,
  AUTHOR =       {耿素云、屈婉玲},
  TITLE =        {离散数学（修订版）},
  PUBLISHER =    {高等教育出版社},
  YEAR =         {2004年1月},
  isbn =         {7-04-0133317-2},
  price =        {26.70},
}

@BOOK{GengQu05,
  AUTHOR =       {耿素云、屈婉玲},
  TITLE =        {离散数学学习指导与习题解析},
  PUBLISHER =    {高等教育出版社},
  YEAR =         {2005年3月},
  isbn =         {7-04-016307-1},
  price =        {26.00},
  note =         {\cite{GengQu04}的配套参考书}
}

@BOOK{Geng98,
  AUTHOR =       {耿素云},
  TITLE =        {集合论与图论--离散数学第二分册},
  PUBLISHER =    {北京大学出版社},
  YEAR =         {1998年2月},
}

@BOOK{LiuD18,
  AUTHOR =       {刘铎},
  TITLE =        {离散数学及应用（第2版）},
  PUBLISHER =    {清华大学出版社},
  YEAR =         {2018年9月},
}

@BOOK{ChengLi13,
  AUTHOR =       {程显毅、李医民},
  TITLE =        {离散数学与算法化思维},
  PUBLISHER =    {清华大学出版社},
  YEAR =         {2013},
}

@BOOK{CaoY07,
  AUTHOR =       {曹晓东、原旭},
  TITLE =        {离散数学及算法},
  PUBLISHER =    {机械工业出版社},
  YEAR =         {2007},
}

@BOOK{ZuoLL82,
  AUTHOR =       {左孝凌、李为鑑、刘永才},
  TITLE =        {离散数学},
  PUBLISHER =    {上海科学技术文献出版社},
  YEAR =         {1982},
}

@BOOK{JieCH16,
  AUTHOR =       {结城浩著，朱一飞译},
  TITLE =        {数学女孩I},
  PUBLISHER =    {人民邮电出版社},
  YEAR =         {2016},
}

@BOOK{Vell09,
  AUTHOR =       {Daniel J. Velleman},
  TITLE =        {How to Prove It (Second Edition)},
  PUBLISHER =    {Cambridge University Press},
  YEAR =         {2006},
  note =         {{\kaishu 怎样证明数学题（第二版）} （影印版）. 人民邮电出版社. 2009},
}

@BOOK{LiFeng06,
  AUTHOR =       {李俊锋、冯刚},
  TITLE =        {离散数学},
  PUBLISHER =    {清华大学出版社},
  YEAR =         {2006年9月},
}

@BOOK{PanC92,
  AUTHOR =       {潘承洞、潘承彪},
  TITLE =        {初等数论},
  PUBLISHER =    {北京大学出版社},
  YEAR =         {1992年9月},
}

@BOOK{QuWan98,
  AUTHOR =       {屈婉玲},
  TITLE =        {代数结构与组合数学（离散数学第三分册）},
  PUBLISHER =    {北京大学出版社},
  YEAR =         {1998年},
}

@BOOK{QGZ08,
  AUTHOR =       {屈婉玲、耿素云、张立昂},
  TITLE =        {离散数学（第2版）},
  PUBLISHER =    {清华大学出版社},
  YEAR =         {2008年2月},
}

@BOOK{GQW02,
  AUTHOR =       {耿素云、屈婉玲、王捍贫},
  TITLE =        {离散数学教程},
  PUBLISHER =    {北京大学出版社},
  YEAR =         {2002年6月},
}

@BOOK{Knuth97,
  AUTHOR =       {Knuth, D.},
  TITLE =        {The Art of Computer Programming},
  PUBLISHER =    {Addison Wesley Longman},
  YEAR =         {1997},
  volume =       {1},
  edition =      {3rd},
  note =         {苏运霖译. {\kaishu 计算机程序设计技术} 第一卷：{\heiti 基本算法}. 国防工业出版社. 2002},
}

@BOOK{HanLin04,
  AUTHOR =       {韩士安、林磊},
  TITLE =        {近世代数},
  PUBLISHER =    {科学出版社},
  YEAR =         {2004年},
}

@BOOK{DaPr02,
  AUTHOR =       {Davey, B. and Priestley, H.},
  TITLE =        {Introduction to Lattices and Order},
  PUBLISHER =    {Cambridge University Press},
  edition =      {2nd},
  YEAR =         {2002},
}

@ARTICLE{ZLL00a,
  AUTHOR =       "周晓聪，李文军，李师贤",
  TITLE =        "类型系统的研究与进展",
  JOURNAL =      "计算机科学",
  YEAR =         "2000",
  volume =       "27",
  number =       "5",
  pages =        "5-13",
  file = F
}

@BOOK{Chel80,
  AUTHOR =       "Chellas, B. F.",
  TITLE =        "Modal Logic: An Introduction",
  PUBLISHER =    "Cambridge University Press",
  YEAR =         "1980",
  NOTE =         "郑文辉、张宜生译. 林铭钧校. {\kaishu 模态逻辑导论}. 中山大学出版社. 1989"
}

@BOOK{GongZX93,
  AUTHOR =       {弓肇祥},
  TITLE =        {广义模态逻辑},
  PUBLISHER =    {中国社会科学出版社},
  YEAR =         {1993},
}

@BOOK{ZhouLQ86,
  AUTHOR =       {周礼全},
  TITLE =        {模态逻辑引论},
  PUBLISHER =    {上海人民出版社},
  YEAR =         {1986},
}

@BOOK{ZhouBH96,
  AUTHOR =       {周北海},
  TITLE =        {模态逻辑},
  PUBLISHER =    {中国社会科学文献出版社},
  YEAR =         {1996},
}

@BOOK{HuRy04,
  AUTHOR =       {Huth, M. and Ryan, M.},
  TITLE =        {Logic in Computer Science: Modelling and Reasoning about System},
  PUBLISHER =    {Cambridge University Press},
  YEAR =         {2004},
  edition =      {Second},
  isbn =         {0-521-54310-X},
}

@BOOK{ChZh05,
  AUTHOR =       {Chartrand, G. and Ping, Zhang},
  TITLE =        {Introduction to Graph Theory},
  PUBLISHER =    {McGraw-Hill Companies, Inc.},
  YEAR =         {2005},
  isbn =         {0-07-320416},
  NOTE =         {{\kaishu 图论导引}（英文版），人民邮电出版社，2006年6月第一版},
}

@BOOK{Rein00,
  AUTHOR =       {Reinhard, D},
  TITLE =        {Graph Theory},
  PUBLISHER =    {Springer-Verlag},
  YEAR =         {2000},
  edition =      {Second},
  isbn =         {7-5062-5965-6/O.384},
  NOTE =         "《图论》（英文影印版），世界图书出版公司，2000年第二版",
}


@BOOK{DaiHu95,
  AUTHOR =       {戴一奇，胡冠章，陈卫},
  TITLE =        {图论与代数结构},
  PUBLISHER =    {清华大学出版社},
  YEAR =         {1995},
}

@BOOK{ZhuXu07,
  AUTHOR =       {朱怀宏、徐洁磐},
  TITLE =        {离散数学习题解析},
  PUBLISHER =    {南京大学出版社},
  YEAR =         {2007年2月},
}

@BOOK{HuHu02,
  AUTHOR =       {胡新启、胡元明},
  TITLE =        {离散数学--习题解析},
  PUBLISHER =    {清华大学出版社},
  YEAR =         {2002年1月},
}

@BOOK{Deng06,
  AUTHOR =       {邓辉文},
  TITLE =        {离散数学习题解答},
  PUBLISHER =    {清华大学出版社},
  YEAR =         {2006年10月},
}

@BOOK{Geng90,
  AUTHOR =       {耿素云},
  TITLE =        {离散数学习题集--图论分册},
  PUBLISHER =    {北京大学出版社},
  YEAR =         {1990年1月},
}

@ARTICLE{Tan89,
  AUTHOR =       "谭东北",
  TITLE =        "自然数系的公理化定义和数学归纳法",
  JOURNAL =      "六盘水师范高等专科学校学报",
  YEAR =         "1989",
  number =       "1",
  pages =        "90-94",
  file = F
}

@ARTICLE{LiuMeng10,
  AUTHOR =       "刘献军、孟静",
  TITLE =        "超越数理论的发展史",
  JOURNAL =      "高等数学研究",
  YEAR =         "2010",
  number =       "1",
  pages =        "100-106",
  file = F
}

@BOOK{ZhuXu03,
  AUTHOR =       {朱尧辰、徐广善},
  TITLE =        {超越数引论},
  PUBLISHER =    {科学出版社},
  YEAR =         {2003年1月},
}

@BOOK{LaFo14,
  AUTHOR =       {Lance Fortnow~著，杨帆译},
  TITLE =        {可能与不可能的边界——P/NP问题趣史},
  PUBLISHER =    {人民邮电出版社},
  YEAR =         {2014年1月},
}

@BOOK{KeWei10,
  AUTHOR =       {柯召、魏万迪},
  TITLE =        {现代数学基础丛书·典藏版4：组合论（上册）},
  PUBLISHER =    {科学出版社},
  YEAR =         {2010年5月},
}

@BOOK{FengQ17,
  AUTHOR =       {冯琦},
  TITLE =        {数理逻辑导引},
  PUBLISHER =    {科学出版社},
  YEAR =         {2017年10月},
}

@BOOK{XuSun10,
  AUTHOR =       {许胤龙、孙淑玲},
  TITLE =        {组合数学引论},
  PUBLISHER =    {中国科学技术大学出版社},
  YEAR =         {2010年4月},
}

@BOOK{LuLu16,
  AUTHOR =       {卢开澄、卢华明},
  TITLE =        {组合数学（第5版）},
  PUBLISHER =    {清华大学出版社},
  YEAR =         {2016年11月},
}


@BOOK{FGWL19,
  AUTHOR =       {傅彦、顾小丰、王庆先、刘启和},
  TITLE =        {离散数学及其应用（第3版）},
  PUBLISHER =    {高等教育出版社},
  YEAR =         {2019年8月},
}

@BOOK{XuJP16,
  AUTHOR =       {徐洁磐},
  TITLE =        {离散数学导论（第5版）},
  PUBLISHER =    {高等教育出版社},
  YEAR =         {2016年12月},
}

@BOOK{WWR11,
  AUTHOR =       {王桂平、王衍、任嘉辰},
  TITLE =        {图论算法理论、实现及应用},
  PUBLISHER =    {北京大学出版社},
  YEAR =         {2011年1月},
}

@BOOK{NieD00,
  AUTHOR =       {聂灵沼、丁石孙},
  TITLE =        {代数学引论（第二版）},
  PUBLISHER =    {高等教育出版社},
  YEAR =         {2000年9月},
}

@BOOK{XinW10,
  AUTHOR =       {邢伟},
  TITLE =        {近世代数},
  PUBLISHER =    {科学出版社},
  YEAR =         {2010年9月},
}

@BOOK{WangX09,
  AUTHOR =       {王能琴、谢建勋主编},
  TITLE =        {实用英汉-汉英计算机词典},
  PUBLISHER =    {北京航空航天大学出版社},
  YEAR =         {2009年3月},
}

@BOOK{ZhangG05,
  AUTHOR =       {张鸿林、葛显良编订},
  TITLE =        {英汉数学词汇},
  PUBLISHER =    {清华大学出版社},
  YEAR =         {2005年1月},
}



%
